[gd_scene load_steps=11 format=2]

[ext_resource path="res://Assets/UtilityScenes/Player/Player.gd" type="Script" id=1]
[ext_resource path="res://Assets/Sprites/player.png" type="Texture" id=2]



[sub_resource type="Animation" id=1]
resource_name = "down"
length = 0.4
step = 0.05
tracks/0/type = "value"
tracks/0/path = NodePath("Sprite3D:frame")
tracks/0/interp = 1
tracks/0/loop_wrap = true
tracks/0/imported = false
tracks/0/enabled = true
tracks/0/keys = {
"times": PoolRealArray( 0, 0.2 ),
"transitions": PoolRealArray( 1, 1 ),
"update": 1,
"values": [ 0, 1 ]
}

[sub_resource type="Animation" id=2]
resource_name = "down2"
length = 0.4
tracks/0/type = "value"
tracks/0/path = NodePath("Sprite3D:frame")
tracks/0/interp = 1
tracks/0/loop_wrap = true
tracks/0/imported = false
tracks/0/enabled = true
tracks/0/keys = {
"times": PoolRealArray( 0, 0.2 ),
"transitions": PoolRealArray( 1, 1 ),
"update": 1,
"values": [ 2, 3 ]
}

[sub_resource type="Animation" id=3]
resource_name = "left"
length = 0.4
tracks/0/type = "value"
tracks/0/path = NodePath("Sprite3D:frame")
tracks/0/interp = 1
tracks/0/loop_wrap = true
tracks/0/imported = false
tracks/0/enabled = true
tracks/0/keys = {
"times": PoolRealArray( 0, 0.2 ),
"transitions": PoolRealArray( 1, 1 ),
"update": 1,
"values": [ 4, 5 ]
}

[sub_resource type="Animation" id=4]
resource_name = "left2"
length = 0.4
tracks/0/type = "value"
tracks/0/path = NodePath("Sprite3D:frame")
tracks/0/interp = 1
tracks/0/loop_wrap = true
tracks/0/imported = false
tracks/0/enabled = true
tracks/0/keys = {
"times": PoolRealArray( 0, 0.2 ),
"transitions": PoolRealArray( 1, 1 ),
"update": 1,
"values": [ 6, 7 ]
}

[sub_resource type="Animation" id=5]
resource_name = "right"
length = 0.4
tracks/0/type = "value"
tracks/0/path = NodePath("Sprite3D:frame")
tracks/0/interp = 1
tracks/0/loop_wrap = true
tracks/0/imported = false
tracks/0/enabled = true
tracks/0/keys = {
"times": PoolRealArray( 0, 0.2 ),
"transitions": PoolRealArray( 1, 1 ),
"update": 1,
"values": [ 8, 9 ]
}

[sub_resource type="Animation" id=6]
resource_name = "right2"
length = 0.4
tracks/0/type = "value"
tracks/0/path = NodePath("Sprite3D:frame")
tracks/0/interp = 1
tracks/0/loop_wrap = true
tracks/0/imported = false
tracks/0/enabled = true
tracks/0/keys = {
"times": PoolRealArray( 0, 0.2 ),
"transitions": PoolRealArray( 1, 1 ),
"update": 1,
"values": [ 10, 11 ]
}

[sub_resource type="Animation" id=7]
resource_name = "up"
length = 0.4
tracks/0/type = "value"
tracks/0/path = NodePath("Sprite3D:frame")
tracks/0/interp = 1
tracks/0/loop_wrap = true
tracks/0/imported = false
tracks/0/enabled = true
tracks/0/keys = {
"times": PoolRealArray( 0, 0.2 ),
"transitions": PoolRealArray( 1, 1 ),
"update": 1,
"values": [ 12, 13 ]
}

[sub_resource type="Animation" id=8]
resource_name = "up2"
length = 0.4
tracks/0/type = "value"
tracks/0/path = NodePath("Sprite3D:frame")
tracks/0/interp = 1
tracks/0/loop_wrap = true
tracks/0/imported = false
tracks/0/enabled = true
tracks/0/keys = {
"times": PoolRealArray( 0, 0.2 ),
"transitions": PoolRealArray( 1, 1 ),
"update": 1,
"values": [ 14, 15 ]
}

[node name="Player" type="Position3D"]
transform = Transform( 1, 0, 0, 0, 1, 0, 0, 0, 1, 0.5, 0.7, 1.25 )
script = ExtResource( 1 )

[node name="Sprite3D" type="Sprite3D" parent="."]
transform = Transform( 1, 0, 0, 0, 0.5, 0.866025, 0, -0.866025, 0.5, 0, 0, 0 )
texture = ExtResource( 2 )
vframes = 4
hframes = 4
frame = 15

[node name="Camera" type="Camera" parent="Sprite3D"]
transform = Transform( 1, 0, 0, 0, 0.981627, -0.190809, 0, 0.190809, 0.981627, 0, -2.19615, 10.6962 )
fov = 20.0

[node name="Tween" type="Tween" parent="."]

[node name="AnimationPlayer" type="AnimationPlayer" parent="."]
anims/down = SubResource( 1 )
anims/down2 = SubResource( 2 )
anims/left = SubResource( 3 )
anims/left2 = SubResource( 4 )
anims/right = SubResource( 5 )
anims/right2 = SubResource( 6 )
anims/up = SubResource( 7 )
anims/up2 = SubResource( 8 )
